@misc{mediapipe,
  doi = {10.48550/ARXIV.2006.10214},
  
  url = {https://arxiv.org/abs/2006.10214},
  
  author = {Zhang, Fan and Bazarevsky, Valentin and Vakunov, Andrey and Tkachenka, Andrei and Sung, George and Chang, Chuo-Ling and Grundmann, Matthias},
  
  keywords = {Computer Vision and Pattern Recognition (cs.CV), FOS: Computer and information sciences, FOS: Computer and information sciences},
  
  title = {MediaPipe Hands: On-device Real-time Hand Tracking},
  
  publisher = {arXiv},
  
  year = {2020},
  
  copyright = {arXiv.org perpetual, non-exclusive license}
}
